@article{Smith,
    author = {Smith},
    title = {Range Voting},
    year = {2000},
    url = {https://rangevoting.org/WarrenSmithPages/homepage/rangevote.pdf},
}

@article{Arrow,
    title = {A Difficulty in the Concept of Social Welfare},
    volume = {58},
    DOI = {10.1086/256963},
    number = {4},
    journal = {Journal of Political Economy},
    author = {Arrow, Kenneth J.},
    year = {1950}, month = {Aug},
    pages = {328â€“346}
}

@article{Wilson,
    title = {Social choice theory without the {Pareto} {Principle}},
    journal = {Journal of Economic Theory},
    volume = {5},
    number = {3},
    pages = {478-486},
    year = {1972},
    issn = {0022-0531},
    doi = {https://doi.org/10.1016/0022-0531(72)90051-8},
    url = {https://www.sciencedirect.com/science/article/pii/0022053172900518},
    author = {Robert Wilson},
    abstract = {A version of Arrow's General Possibility Theorem is proved without assuming either the Pareto Principle or its antecedents, the Positive Association of Social and Individual Values, and Citizens' Sovereignty.}
}

@article{Gibbard,
    ISSN = {00129682, 14680262},
    URL = {http://www.jstor.org/stable/1914083},
    author = {Allan Gibbard},
    journal = {Econometrica},
    number = {4},
    pages = {587--601},
    publisher = {[Wiley, Econometric Society]},
    title = {Manipulation of Voting Schemes: A General Result},
    urldate = {2025-07-23},
    volume = {41},
    year = {1973}
}